%% This BibTeX bibliography file was created using BibDesk.
%% https://bibdesk.sourceforge.io/

%% Created for Yannick Reifschneider at 2019-08-25 16:49:17 +0200 


%% Saved with string encoding Unicode (UTF-8) 



@webpage{mdn-event-loop,
	Date-Added = {2019-08-25 16:35:01 +0200},
	Date-Modified = {2019-08-25 16:49:17 +0200},
	Url = {https://developer.mozilla.org/en-US/docs/Web/JavaScript/EventLoop}}
